@article{coqueret2015diversified,
  title={Diversified minimum-variance portfolios},
  author={Coqueret, Guillaume},
  journal={Annals of Finance},
  volume={11},
  number={2},
  pages={221--241},
  year={2015},
  publisher={Springer}
}

@article{lo2002statistics,
  title={The statistics of Sharpe ratios},
  author={Lo, Andrew W},
  journal={Financial analysts journal},
  volume={58},
  number={4},
  pages={36--52},
  year={2002},
  publisher={Taylor \& Francis}
}

@article{beer2023covid,
  title={COVID-19 pandemic and capital markets: the role of government responses},
  author={Beer, Christian and Maniora, Janine and Pott, Christiane},
  journal={Journal of Business Economics},
  volume={93},
  number={1},
  pages={11--57},
  year={2023},
  publisher={Springer}
}

@article{1lindquist2022advanced,
  title={Advanced REIT Portfolio Optimization},
  author={Lindquist, W Brent and Rachev, Svetlozar T and Hu, Yuan and Shirvani, Abootaleb},
  journal={Springer},
  volume={10},
  pages={978--3},
  year={2022},
  publisher={Springer}
}

@incollection{ross2002capital,
  author    = {Stephen Ross and Randolph Westerfield and Jeffrey Jaffe},
  title     = {Capital market theory: An overview},
  booktitle = {Corporate Finance},
  edition   = {6th},
  pages     = {226--247},
  year      = {2002},
  publisher = {McGraw-Hill},
  location  = {New York, NY},
}

@article{mangram2013simplified,
  title={A simplified perspective of the Markowitz portfolio theory},
  author={Mangram, Myles E},
  journal={Global journal of business research},
  volume={7},
  number={1},
  pages={59--70},
  year={2013}
}

@inbook{lindquist2022advanced,
  author    = {Lindquist, W. Brent and Rachev, Svetlozar T. and Hu, Yuan and Shirvani, Abootaleb},
  year      = {2022},
  title     = {Modern portfolio theory},
  booktitle = {Advanced REIT portfolio optimization: Innovative tools for risk management},
  pages     = {29--48},
  publisher = {Springer International Publishing}
}

@article{sharpe1994sharpe,
  title={The sharpe ratio},
  author={Sharpe, William F},
  journal={Journal of portfolio management},
  volume={21},
  number={1},
  pages={49--58},
  year={1994},
  publisher={INSTITUTIONAL INVESTOR INC 488 MADISON AVENUE, NEW YORK, NY 10022}
}

@article{gatfaoui2009sharpe,
  title={Sharpe ratios and their fundamental components: An empirical study},
  author={Gatfaoui, Hayette},
  journal={Available at SSRN 1486073},
  year={2009}
}

@article{bodnar2024constructing,
  title={Constructing Bayesian tangency portfolios under short-selling restrictions},
  author={Bodnar, Olha and Bodnar, Taras and Niklasson, Vilhelm},
  journal={Finance Research Letters},
  volume={62},
  pages={105065},
  year={2024},
  publisher={Elsevier}
}

@article{demiguel2009generalized,
	title={A generalized approach to portfolio optimization: Improving performance by constraining portfolio norms},
	author={DeMiguel, Victor and Garlappi, Lorenzo and Nogales, Francisco J and Uppal, Raman},
	journal={Management science},
	volume={55},
	number={5},
	pages={798--812},
	year={2009},
	publisher={INFORMS}
}

@article{markowitz1952portfolio,
	title={Portfolio Selection, Journal of Finance},
	author={Markowitz, Harry},
	journal={Markowitz HM—1952.—№},
	pages={77--91},
	year={1952}
}