@article{mangram2013simplified,
  title={A simplified perspective of the Markowitz portfolio theory},
  author={Mangram, Myles E},
  journal={Global journal of business research},
  volume={7},
  number={1},
  pages={59--70},
  year={2013}
}

@article{1lindquist2022advanced,
  title={Advanced REIT Portfolio Optimization},
  author={Lindquist, W Brent and Rachev, Svetlozar T and Hu, Yuan and Shirvani, Abootaleb},
  journal={Springer},
  volume={10},
  pages={978--3},
  year={2022},
  publisher={Springer}
}

@article{bodnar2024constructing,
  title={Constructing Bayesian tangency portfolios under short-selling restrictions},
  author={Bodnar, Olha and Bodnar, Taras and Niklasson, Vilhelm},
  journal={Finance Research Letters},
  volume={62},
  pages={105065},
  year={2024},
  publisher={Elsevier}
}